@misc{swingDoc,
  key = {swing},
  title = {Swing},
  note = {\url{https://docs.oracle.com/javase/tutorial/uiswing/index.html}}
}
@misc{tkinterDoc,
  key = {tkinter},
  title = {Tkinter},
  note = {\url{https://docs.python.org/2/library/tkinter.html}}
}
